<?xml version="1.0" encoding="UTF-8"?><collection xmlns="http://www.loc.gov/MARC21/slim"><record><leader>00329nam--2200121-i-4500</leader><controlfield tag="001">000033254</controlfield><controlfield tag="002">20161230</controlfield><controlfield tag="005">20161230201039</controlfield><controlfield tag="008">060222s1000------------r-----000-0-eng-d</controlfield><datafield ind1=" " ind2=" " tag="080"><subfield code="a">65.012.1</subfield></datafield><datafield ind1=" " ind2=" " tag="245"><subfield code="a">Metode moderne de optimizare a programelor de productie</subfield></datafield><datafield ind1=" " ind2=" " tag="260"><subfield code="a">Bucuresti, Centr.De  Doc. Si Publ. F.An 158p</subfield></datafield><datafield ind1=" " ind2=" " tag="852"><subfield code="a">39632</subfield></datafield></record></collection>